% This file was created with JabRef 2.10.
% Encoding: Cp1252


@article{ICSS05,
  title      = {Is Computer Science Science?},
  author     = {Denning, Peter J.},
  journal    = {Commun. ACM},
  year       = {2005},
  month      = apr,
  number     = {4},
  pages      = {27--31},
  volume     = {48},
  acmid      = {1053309},
  address    = {New York, NY, USA},
  doi        = {10.1145/1053291.1053309},
  issn       = {0001-0782},
  issue_date = {April 2005},
  numpages   = {5},
  owner      = {Dr. Arif Ur Rahman},
  publisher  = {ACM},
  timestamp  = {2015.09.10},
  url        = {http://doi.acm.org/10.1145/1053291.1053309}
}

@misc{zameen,
  title        = {{Zameen.com}},
  howpublished = {\url{https://www.zameen.com}},
  year         = {2022},
  note         = {[Online; accessed 10-October-2022]}
}
@misc{graana,
  title        = {{Zameen.com}},
  howpublished = {\url{https://www.graana.com/}},
  year         = {2022},
  note         = {[Online; accessed 10-October-2022]}
}
@misc{arch,
  title        = {{Three Layer Architecture}},
  howpublished = {\url{https://www.ibm.com/cloud/learn/three-tier-architecture}},
  year         = {2022},
  note         = {[Online; accessed 10-October-2022]}
}
@misc{heroku,
  title        = {{Heroku}},
  howpublished = {\url{https://dashboard.heroku.com}},
  year         = {2022},
  note         = {[Online; accessed 01-October-2022]}
}
@misc{decom,
  title        = {{Functional Decomposition}},
  howpublished = {\url{https://engineering.purdue.edu/EPICS/k12/Teachers/Teacher-Toolbox/1.20-Teacher-Toolbox-Functional-Decomposition.pdf}},
  year         = {2022},
  note         = {[Online; accessed 19-October-2022]}
}
@misc{donald,
  title        = {{Normanâ€™s 7 Principles}},
  howpublished = {\url{https://sites.google.com/a/nu.edu.pk/hci-060129/lectures-1/norman-s-7-principles}},
  year         = {2022},
  note         = {[Online; accessed 20-October-2022]}
}
@misc{native,
  title        = {{React Native}},
  howpublished = {\url{https://reactnative.dev}},
  year         = {2022},
  note         = {[Online; accessed 01-August-2022]}
}
@misc{react,
  title        = {{React JS}},
  howpublished = {\url{https://reactjs.org}},
  year         = {2022},
  note         = {[Online; accessed 01-August-2022]}
}
@misc{express,
  title        = {{Express JS}},
  howpublished = {\url{https://expressjs.com}},
  year         = {2022},
  note         = {[Online; accessed 01-August-2022]}
}
@misc{socket,
  title        = {{Socket.IO}},
  howpublished = {\url{https://socket.io}},
  year         = {2022},
  note         = {[Online; accessed 01-August-2022]}
}
@misc{sql,
  title        = {{PostgreSQL}},
  howpublished = {\url{https://www.postgresql.org}},
  year         = {2022},
  note         = {[Online; accessed 01-August-2022]}
}
@misc{xd,
  title        = {{Adobe XD}},
  howpublished = {\url{https://www.adobe.com/products/xd.html}},
  year         = {2022},
  note         = {[Online; accessed 01-August-2022]}
}
@misc{erp,
  title        = {{What is ERP?}},
  howpublished = {\url{https://www.oracle.com/pk/erp/what-is-erp/}},
  year         = {2022},
  note         = {[Online; accessed 01-August-2022]}
}
@misc{crm,
  title        = {{What is CRM?}},
  howpublished = {\url{https://www.salesforce.com/ap/crm/what-is-crm/}},
  year         = {2022},
  note         = {[Online; accessed 01-August-2022]}
}
@misc{pern,
  title        = {{What is PERN stack ?}},
  howpublished = {\url{https://www.geeksforgeeks.org/what-is-pern-stack/}},
  year         = {2022},
  note         = {[Online; accessed 01-August-2022]}
}
@misc{jwt,
  title        = {{JWT}},
  howpublished = {\url{https://jwt.io}},
  year         = {2022},
  note         = {[Online; accessed 01-August-2022]}
}
